@article{woodward1998infants,
  title={Infants selectively encode the goal object of an actor's reach},
  author={Woodward, Amanda L},
  journal={Cognition},
  volume={69},
  number={1},
  pages={1--34},
  year={1998},
  publisher={Elsevier}
}
@article{sommerville2005action,
  title={Action experience alters 3-month-old infants' perception of others' actions},
  author={Sommerville, Jessica A and Woodward, Amanda L and Needham, Amy},
  journal={Cognition},
  volume={96},
  number={1},
  pages={B1--B11},
  year={2005},
  publisher={Elsevier}
}
@article{woodward2009infants,
  title={Infants' grasp of others' intentions},
  author={Woodward, Amanda L},
  journal={Current directions in psychological science},
  volume={18},
  number={1},
  pages={53--57},
  year={2009},
  publisher={SAGE Publications}
}
@article{kidd2012goldilocks,
  title={The Goldilocks effect: Human infants allocate attention to visual sequences that are neither too simple nor too complex},
  author={Kidd, Celeste and Piantadosi, Steven T and Aslin, Richard N},
  journal={PloS one},
  volume={7},
  number={5},
  pages={e36399},
  year={2012},
  publisher={Public Library of Science}
}
@article{rizzolatti2014cortical,
  title={Cortical mechanisms underlying the organization of goal-directed actions and mirror neuron-based action understanding},
  author={Rizzolatti, Giacomo and Cattaneo, Luigi and Fabbri-Destro, Maddalena and Rozzi, Stefano},
  journal={Physiological reviews},
  volume={94},
  number={2},
  pages={655--706},
  year={2014},
  publisher={Am Physiological Soc}
}
@incollection{park2014developmental,
  title={Developmental Dynamics of RNNPB: New Insight about Infant Action Development},
  author={Park, Jun-Cheol and Kim, Dae-Shik and Nagai, Yukie},
  booktitle={From Animals to Animats 13},
  pages={144--153},
  year={2014},
  publisher={Springer}
}
@article{elman1990finding,
  title={Finding structure in time},
  author={Elman, Jeffrey L},
  journal={Cognitive science},
  volume={14},
  number={2},
  pages={179--211},
  year={1990},
  publisher={Elsevier}
}
@article{asada2001cognitive,
  title={Cognitive developmental robotics as a new paradigm for the design of humanoid robots},
  author={Asada, Minoru and MacDorman, Karl F and Ishiguro, Hiroshi and Kuniyoshi, Yasuo},
  journal={Robotics and Autonomous Systems},
  volume={37},
  number={2},
  pages={185--193},
  year={2001},
  publisher={Elsevier}
}
@article{rolf2012goal,
  title={Goal babbling: a new concept for early sensorimotor exploration},
  author={Rolf, Matthias and Steil, Jochen J},
  journal={Osaka},
  volume={11},
  pages={2012},
  year={2012}
}
@article{noda2014multimodal,
  title={Multimodal integration learning of robot behavior using deep neural networks},
  author={Noda, Kuniaki and Arie, Hiroaki and Suga, Yuki and Ogata, Tetsuya},
  journal={Robotics and Autonomous Systems},
  volume={62},
  number={6},
  pages={721--736},
  year={2014},
  publisher={Elsevier}
}
@inproceedings{nagai2015,
  title={A Model of Infant Preference Based on Prediction Error: How does motor development influence perception?},
  author={Nagai, Y.},
  booktitle={the Biennial Meeting of the Society for Research in Child Development},
  year={March 2015}
}
@article{cannon2012infants,
  title={Infants generate goal-based action predictions},
  author={Cannon, Erin N and Woodward, Amanda L},
  journal={Developmental science},
  volume={15},
  number={2},
  pages={292--298},
  year={2012},
  publisher={Wiley Online Library}
}
@article{kilner2007predictive,
  title={Predictive coding: an account of the mirror neuron system},
  author={Kilner, James M and Friston, Karl J and Frith, Chris D},
  journal={Cognitive processing},
  volume={8},
  number={3},
  pages={159--166},
  year={2007},
  publisher={Springer}
}
@inproceedings{minato2010model,
  title={A model of the emergence of early imitation development based on predictability preference},
  author={Minato, Takashi and Thomas, Dale and Yoshikawa, Yuichiro and Ishiguro, Hiroshi},
  booktitle={Development and Learning (ICDL), 2010 IEEE 9th International Conference on},
  pages={19--25},
  year={2010},
  organization={IEEE}
}
@inproceedings{baraglia2014prediction,
  title={Prediction error minimization for emergence of altruistic behavior},
  author={Baraglia, Jimmy and Nagai, Yukie and Asada, Minoru},
  booktitle={Development and Learning and Epigenetic Robotics (ICDL-Epirob), 2014 Joint IEEE International Conferences on},
  pages={281--286},
  year={2014},
  organization={IEEE}
}
@article{den2012prediction,
  title={How prediction errors shape perception, attention, and motivation},
  author={Den Ouden, Hanneke EM and Kok, Peter and De Lange, Floris P},
  journal={Frontiers in psychology},
  volume={3},
  year={2012},
  publisher={Frontiers Media SA}
}
@inproceedings{copete2014development,
  title={Development of goal-directed gaze shift based on predictive learning},
  author={Copete, Jorge Luis and Nagai, Yukie and Asada, Minoru},
  booktitle={Development and Learning and Epigenetic Robotics (ICDL-Epirob), 2014 Joint IEEE International Conferences on},
  pages={351--356},
  year={2014},
  organization={IEEE}
}
@inproceedings{pattacini2010experimental,
	title={An experimental evaluation of a novel minimum-jerk cartesian controller for humanoid robots},
	author={Pattacini, Ugo and Nori, Francesco and Natale, Lorenzo and Metta, Giorgio and Sandini, Giulio},
	booktitle={Intelligent Robots and Systems (IROS), 2010 IEEE/RSJ International Conference on},
	pages={1668--1674},
	year={2010},
	organization={IEEE}
}
@article{gerson2014learning,
	title={Learning from their own actions: The unique effect of producing actions on infants' action understanding},
	author={Gerson, Sarah A and Woodward, Amanda L},
	journal={Child development},
	volume={85},
	number={1},
	pages={264--277},
	year={2014},
	publisher={Wiley Online Library}
}